%YAML 1.1
%TAG !u! tag:unity3d.com,2011:
--- !u!1 &2349033195895263163
GameObject:
  m_ObjectHideFlags: 0
  m_CorrespondingSourceObject: {fileID: 0}
  m_PrefabInstance: {fileID: 0}
  m_PrefabAsset: {fileID: 0}
  serializedVersion: 6
  m_Component:
  - component: {fileID: 2349033195895263104}
  - component: {fileID: 2349033195895263111}
  - component: {fileID: 2349033195895263110}
  - component: {fileID: 2349033195895263109}
  - component: {fileID: 2349033195895263108}
  - component: {fileID: 2349033195895263105}
  m_Layer: 8
  m_Name: Archer
  m_TagString: Untagged
  m_Icon: {fileID: 0}
  m_NavMeshLayer: 0
  m_StaticEditorFlags: 0
  m_IsActive: 1
--- !u!4 &2349033195895263104
Transform:
  m_ObjectHideFlags: 0
  m_CorrespondingSourceObject: {fileID: 0}
  m_PrefabInstance: {fileID: 0}
  m_PrefabAsset: {fileID: 0}
  m_GameObject: {fileID: 2349033195895263163}
  m_LocalRotation: {x: 0, y: 0, z: 0, w: 1}
  m_LocalPosition: {x: 0, y: 0, z: 0}
  m_LocalScale: {x: 1, y: 1, z: 1}
  m_Children:
  - {fileID: 4122426977535199820}
  m_Father: {fileID: 0}
  m_RootOrder: 0
  m_LocalEulerAnglesHint: {x: 0, y: 0, z: 0}
--- !u!33 &2349033195895263111
MeshFilter:
  m_ObjectHideFlags: 0
  m_CorrespondingSourceObject: {fileID: 0}
  m_PrefabInstance: {fileID: 0}
  m_PrefabAsset: {fileID: 0}
  m_GameObject: {fileID: 2349033195895263163}
  m_Mesh: {fileID: 10202, guid: 0000000000000000e000000000000000, type: 0}
--- !u!23 &2349033195895263110
MeshRenderer:
  m_ObjectHideFlags: 0
  m_CorrespondingSourceObject: {fileID: 0}
  m_PrefabInstance: {fileID: 0}
  m_PrefabAsset: {fileID: 0}
  m_GameObject: {fileID: 2349033195895263163}
  m_Enabled: 1
  m_CastShadows: 1
  m_ReceiveShadows: 1
  m_DynamicOccludee: 1
  m_MotionVectors: 1
  m_LightProbeUsage: 1
  m_ReflectionProbeUsage: 1
  m_RenderingLayerMask: 1
  m_RendererPriority: 0
  m_Materials:
  - {fileID: 2100000, guid: efbccf335bee2f14b9782bc043274180, type: 2}
  m_StaticBatchInfo:
    firstSubMesh: 0
    subMeshCount: 0
  m_StaticBatchRoot: {fileID: 0}
  m_ProbeAnchor: {fileID: 0}
  m_LightProbeVolumeOverride: {fileID: 0}
  m_ScaleInLightmap: 1
  m_PreserveUVs: 0
  m_IgnoreNormalsForChartDetection: 0
  m_ImportantGI: 0
  m_StitchLightmapSeams: 0
  m_SelectedEditorRenderState: 3
  m_MinimumChartSize: 4
  m_AutoUVMaxDistance: 0.5
  m_AutoUVMaxAngle: 89
  m_LightmapParameters: {fileID: 0}
  m_SortingLayerID: 0
  m_SortingLayer: 0
  m_SortingOrder: 0
--- !u!65 &2349033195895263109
BoxCollider:
  m_ObjectHideFlags: 0
  m_CorrespondingSourceObject: {fileID: 0}
  m_PrefabInstance: {fileID: 0}
  m_PrefabAsset: {fileID: 0}
  m_GameObject: {fileID: 2349033195895263163}
  m_Material: {fileID: 0}
  m_IsTrigger: 0
  m_Enabled: 1
  serializedVersion: 2
  m_Size: {x: 1, y: 1, z: 1}
  m_Center: {x: 0, y: 0, z: 0}
--- !u!114 &2349033195895263108
MonoBehaviour:
  m_ObjectHideFlags: 0
  m_CorrespondingSourceObject: {fileID: 0}
  m_PrefabInstance: {fileID: 0}
  m_PrefabAsset: {fileID: 0}
  m_GameObject: {fileID: 2349033195895263163}
  m_Enabled: 1
  m_EditorHideFlags: 0
  m_Script: {fileID: 11500000, guid: c8a8639855a59f942aae5c8381dec7ef, type: 3}
  m_Name: 
  m_EditorClassIdentifier: 
  _Speed: 3
  _BuildingMask:
    serializedVersion: 2
    m_Bits: 2048
  _TeamMask:
    serializedVersion: 2
    m_Bits: 256
  _GathererMask:
    serializedVersion: 2
    m_Bits: 8192
  _EnemyMask:
    serializedVersion: 2
    m_Bits: 512
  _Range: 5
  _Cost: 0
  _HP: 15
  _SecondRange: 1
  _ArrowDMG: 10
  _AttTimer: 2
  _AttTimerWar: 0.5
  _WarriorDamage: 5
  _Move: 0
  _Arrow: {fileID: 7063413795020561694, guid: ed5314137f04d844980ba9b6faa0a8a6, type: 3}
  _origin: {fileID: 4122426977535199820}
--- !u!54 &2349033195895263105
Rigidbody:
  m_ObjectHideFlags: 0
  m_CorrespondingSourceObject: {fileID: 0}
  m_PrefabInstance: {fileID: 0}
  m_PrefabAsset: {fileID: 0}
  m_GameObject: {fileID: 2349033195895263163}
  serializedVersion: 2
  m_Mass: 1
  m_Drag: 0
  m_AngularDrag: 0.05
  m_UseGravity: 1
  m_IsKinematic: 0
  m_Interpolate: 0
  m_Constraints: 120
  m_CollisionDetection: 0
--- !u!1001 &6478232780479583102
PrefabInstance:
  m_ObjectHideFlags: 0
  serializedVersion: 2
  m_Modification:
    m_TransformParent: {fileID: 2349033195895263104}
    m_Modifications:
    - target: {fileID: 6976782923072526652, guid: e4c93f346509b45478254fb64f64a7a0,
        type: 3}
      propertyPath: m_Name
      value: Team1Pool
      objectReference: {fileID: 0}
    - target: {fileID: 6976782923072526652, guid: e4c93f346509b45478254fb64f64a7a0,
        type: 3}
      propertyPath: m_Layer
      value: 8
      objectReference: {fileID: 0}
    - target: {fileID: 6976782923072526642, guid: e4c93f346509b45478254fb64f64a7a0,
        type: 3}
      propertyPath: m_LocalPosition.x
      value: 39.5688
      objectReference: {fileID: 0}
    - target: {fileID: 6976782923072526642, guid: e4c93f346509b45478254fb64f64a7a0,
        type: 3}
      propertyPath: m_LocalPosition.y
      value: -6.136292
      objectReference: {fileID: 0}
    - target: {fileID: 6976782923072526642, guid: e4c93f346509b45478254fb64f64a7a0,
        type: 3}
      propertyPath: m_LocalPosition.z
      value: -0.10553963
      objectReference: {fileID: 0}
    - target: {fileID: 6976782923072526642, guid: e4c93f346509b45478254fb64f64a7a0,
        type: 3}
      propertyPath: m_LocalRotation.x
      value: 0
      objectReference: {fileID: 0}
    - target: {fileID: 6976782923072526642, guid: e4c93f346509b45478254fb64f64a7a0,
        type: 3}
      propertyPath: m_LocalRotation.y
      value: 0
      objectReference: {fileID: 0}
    - target: {fileID: 6976782923072526642, guid: e4c93f346509b45478254fb64f64a7a0,
        type: 3}
      propertyPath: m_LocalRotation.z
      value: 0
      objectReference: {fileID: 0}
    - target: {fileID: 6976782923072526642, guid: e4c93f346509b45478254fb64f64a7a0,
        type: 3}
      propertyPath: m_LocalRotation.w
      value: 1
      objectReference: {fileID: 0}
    - target: {fileID: 6976782923072526642, guid: e4c93f346509b45478254fb64f64a7a0,
        type: 3}
      propertyPath: m_RootOrder
      value: 0
      objectReference: {fileID: 0}
    - target: {fileID: 6976782923072526642, guid: e4c93f346509b45478254fb64f64a7a0,
        type: 3}
      propertyPath: m_LocalEulerAnglesHint.x
      value: 0
      objectReference: {fileID: 0}
    - target: {fileID: 6976782923072526642, guid: e4c93f346509b45478254fb64f64a7a0,
        type: 3}
      propertyPath: m_LocalEulerAnglesHint.y
      value: 0
      objectReference: {fileID: 0}
    - target: {fileID: 6976782923072526642, guid: e4c93f346509b45478254fb64f64a7a0,
        type: 3}
      propertyPath: m_LocalEulerAnglesHint.z
      value: 0
      objectReference: {fileID: 0}
    m_RemovedComponents: []
  m_SourcePrefab: {fileID: 100100000, guid: e4c93f346509b45478254fb64f64a7a0, type: 3}
--- !u!4 &4122426977535199820 stripped
Transform:
  m_CorrespondingSourceObject: {fileID: 6976782923072526642, guid: e4c93f346509b45478254fb64f64a7a0,
    type: 3}
  m_PrefabInstance: {fileID: 6478232780479583102}
  m_PrefabAsset: {fileID: 0}
